% Bibliografía

% Este fichero contiene la bibliografía de la memoria
% Está en un formato que se conoce como BibTex.
% Hay muchos sitios web que exportan referencias en formato BibTeX. 
% Prueba a buscar en http://scholar.google.com por referencias
% y verás que lo puedes hacer de manera sencilla.
% Más información: 
% http://texblog.org/2014/04/22/using-google-scholar-to-download-bibtex-citations/

% Existen varias posibilidades para referenciar diferentes tipos de documentos,
% ya que los datos necesarios varían. Así, existen formatos de entrada para
%     * libros (book)
%     * artículos en revistas de investigación (article)
%     * capítulos de libro (incollection)
%     * informes técnicos (techreport)
%     * otros (misc)
%
% Las páginas web deberían ir como misc.

% Una última cosa: no referencias nunca la WikiPedia
% La WikiPedia, como buena enciclopedia, no es fuente primaria.
% Si acaso, busca por citas en la WikiPedia (que sí ha de referenciar fuentes
% primarias) y haz referencia a las mismas.

@article{ordonez2019control,
  title={Control system in open-source FPGA for a self-balancing robot},
  author={Ord{\'o}{\~n}ez Cerezo, Juan and Castillo Morales, Encarnaci{\'o}n and Canas Plaza, Jose Maria},
  journal={Electronics},
  volume={8},
  number={2},
  pages={198},
  year={2019},
  publisher={Multidisciplinary Digital Publishing Institute}
}

@misc{parrot2019parrot,
  title={Parrot Sequoia+},
  author={Parrot, SA},
  year={2019},
  publisher={Obtenido de Parrot: https://www.parrot.com/soluciones-business/profesional/parrot-sequoia}
}

@misc{Lifeseeker,
  title={Lifeseeker},
  author={Centum research \& technology, S.L},
  year={2019},
  publisher={Obtenido de centum: http://www.centum-rt.com/en/lifeseeker/}
}

@misc{Lifeseeker_Noticia,
  title={Life Seeker. Sistema para la localizaci\'on de personas desde el aire},
  year={2012},
  publisher={http://www.ingenieros.es/noticias/ver/life-seeker-sistema-para-la-localizaciandoacuten-de-personas-desde-el-aire/2735}
}

@misc{Envio_Sangre_drone,
  title={Drone-based blood deliveries in Tanzania to be funded by UK},
  author={Kelion, Leo},
  year={2016},
  publisher={https://www.bbc.com/news/technology-38450664}
}

@article{DroneImagen,
  title={DESPEGUE, NAVEGACI\'ON Y ATERRIZAJE VISUALES DE UN DRONE USANDO JDEROBOT},
  author={Vela Pe\~na, Jorge and Canas Plaza, Jose Maria},
  school={ESCUELA T\'ECNICA SUPERIOR DE INGENIER\'IA DE
TELECOMUNICACI\'ON},
  year={2019}
}

@article{ordonez2018tfg,
  title={Control system in open FPGAs for autonomous robots},
  author={Ord{\'o}{\~n}ez Cerezo, Juan},
  school={ESCUELA T\'ECNICA SUPERIOR DE INGENIER\'IAS INFORM\'ATICAS Y DE TELECOMUNICACI\'ON},
  year={2018}
}

@misc{ganssle2012designer,
  title={A Designer's Guide to MEMS Sensors},
  author={Ganssle, Jack},
  journal={Digikey. com [online]},
  volume={7},
  year={2012}
}

@misc{Quad_ecuations,
  title={Modeling Vehicle Dynamics, Quadcopter Equations of Motion},
  author={Charlie},
  year={2019},
  publisher={https://charlestytler.com/quadcopter-equations-motion/}
}

@misc{Infi_Motors,
  title={Drone Electronic Speed Controller(ESC)},
  year={2016},
  publisher={https://www.infineon.com/dgdl/Infineon-Application-Motor_Control-Drone_Electronic_Speed_Controller_ESC-TR-v01_00-EN.pdf?fileId=5546d462580663ef015843a229fe54ea}
}

@misc{PIDs,
  title={¿Qu\'e son los PIDs?},
  author={Jero},
  year={2017},
  publisher={http://fpvmax.com/2017/08/09/pids-ajuste-drones/}
}

@misc{FPGAs_Neurals,
  title={FPGAs in Neural Networks},
  author={Philavanh, Vong},
  year={2017},
  publisher={https://www.arrow.com/es-mx/research-and-events/articles/fpgas-in-neural-networks}
}

@inproceedings{zhu2003fpga,
  title={FPGA implementations of neural networks--a survey of a decade of progress},
  author={Zhu, Jihan and Sutton, Peter},
  booktitle={International Conference on Field Programmable Logic and Applications},
  pages={1062--1066},
  year={2003},
  organization={Springer}
}

@misc{PPM_adv,
  title={Datos anal\'ogicos, transmisi\'on digital.},
  author={Francisco Mart\'inez Lendech, Jos\'e},
  publisher={https://core.ac.uk/download/pdf/154797518.pdf}
}

@misc{spi_adv,
  title={EL BUS SPI EN ARDUINO},
  author={llamas, Luis},
  year={2016},
  publisher={https://www.luisllamas.es/arduino-spi/}
}

@misc{uart_adv,
  title={UART PROTOCOL VALIDATION SERVICE},
  author={solitontech},
  year={2019},
  publisher={https://www.solitontech.com/uart-protocol-validation-service/}
}

@misc{sensor_tof,
  title={World smallest Time-of-Flight (ToF) ranging sensor},
  author={STMicroelectronics},
  year={2019},
  publisher={https://www.st.com/en/imaging-and-photonics-solutions/vl53l0x.html}
}

@misc{sensor_module,
  title={Flow breakout},
  author={Bitcraze},
  year={2019},
  publisher={https://www.bitcraze.io/flow-breakout/}
}

@misc{motion_module,
  title={Optical Motion Tracking},
  author={pixart},
  year={2019},
  publisher={https://www.pixart.com/products-detail/44/PMW3901MB-TXQT}
}

@misc{Drone_env,
  title={First Prime Air Delivery},
  author={Amazon},
  year={2016},
  publisher={https://www.amazon.com/Amazon-Prime-Air/b?ie=UTF8&node=8037720011}
}

@misc{closed_loop_pid,
  title={First Prime Air Delivery},
  author={Juan Antonio Contreras Montes},
  year={2006},
  publisher={http://www.automatas.org/hardware/teoria_pid.htm}
}

@misc{i2c_adv,
  title={Fundamentos del Protocolo I2C},
  author={teslabem},
  year={2017},
  publisher={https://teslabem.com/nivel-intermedio/fundamentos-del-protocolo-i2c-aprende/}
}

@misc{dronserv2019,
  title={Una empresa espa{\~n}ola entre los mayores fabricantes de drones},
  author={dirigentesdigital},
  year={2019},
  publisher={https://dirigentesdigital.com/hemeroteca/una_empresa_espanola_entre_los_mayores_fabricantes_de_drones-FADD69016}
}

@misc{DronRescate,
  title={El emocionante rescate gracias a un dron de un escalador dado por muerto en el Himalaya},
  author={El PAÏS S.L.},
  year={2018},
  publisher={https://elpais.com/internacional/2018/07/26/mundo_global/1532630102_392983.html}
}

@online{goebish_multi,
    author       = {goebish},
    title        = {{nRF24L01 multi-protocol RC transmitter}},
    month        = feb,
    year         = 2019,
    howpublished = {\url{https://github.com/goebish/nrf24_multipro}}
}

@online{EloyRepo,
    author       = {Eloy Navarro},
    title        = {{Basic-Drone}},
    month        = jul,
    year         = 2019,
    howpublished = {\url{https://github.com/JdeRobot/FPGA-robotics/tree/master/Projects/Basic-Drone}}
}

@online{Dron_idaVuelta,
    author       = {Eloy Navarro},
    title        = {{Syma Closed Loop Forward and Reverse Movement}},
    month        = jul,
    year         = 2019,
    howpublished = {\url{https://www.youtube.com/watch?v=EGjc1TjfpkM}}
}

@online{Dron_Aterrizaje,
    author       = {Eloy Navarro},
    title        = {{Syma Closed Loop Takeoff and Landing}},
    month        = jul,
    year         = 2019,
    howpublished = {\url{https://www.youtube.com/watch?v=U2gZdFM8GPE}}
}

@online{Dron_estacionario,
    author       = {Eloy Navarro},
    title        = {{Syma Closed Loop Against Interference}},
    month        = jul,
    year         = 2019,
    howpublished = {\url{https://www.youtube.com/watch?v=V-kKepw79hg}}
}







